<record><leader>00000cas a22000007a 4500</leader><controlfield tag="001">11616642</controlfield><controlfield tag="008">850124d18361842meuwr ne      0    0eng d</controlfield><datafield ind1=" " ind2=" " tag="010"><subfield code="a">sn 85054020 </subfield></datafield><datafield ind1=" " ind2=" " tag="040"><subfield code="a">NYG</subfield><subfield code="b">eng</subfield><subfield code="c">NYG</subfield><subfield code="d">MGN</subfield><subfield code="d">MBN</subfield><subfield code="d">OCL</subfield><subfield code="d">OCLCQ</subfield><subfield code="d">OCLCF</subfield><subfield code="d">OCLCO</subfield></datafield><datafield ind1="1" ind2=" " tag="029"><subfield code="a">AU@</subfield><subfield code="b">000020126427</subfield></datafield><datafield ind1=" " ind2=" " tag="042"><subfield code="a">msc</subfield></datafield><datafield ind1=" " ind2=" " tag="043"><subfield code="a">n-us-me</subfield></datafield><datafield ind1="0" ind2="0" tag="245"><subfield code="a">Gospel banner and Maine Christian pilot.</subfield></datafield><datafield ind1="3" ind2="0" tag="246"><subfield code="a">Gospel banner</subfield></datafield><datafield ind1="3" ind2="0" tag="246"><subfield code="a">Maine Christian pilot</subfield></datafield><datafield ind1=" " ind2=" " tag="260"><subfield code="a">Augusta, Me. :</subfield><subfield code="b">William A. Drew</subfield></datafield><datafield ind1=" " ind2=" " tag="300"><subfield code="a">v. ;</subfield><subfield code="c">52 cm.</subfield></datafield><datafield ind1=" " ind2=" " tag="310"><subfield code="a">Weekly</subfield></datafield><datafield ind1="0" ind2=" " tag="362"><subfield code="a">Vol. 2, no. 1 (July 23, 1836)-v. 7, no. 52 (July 9, 1842).</subfield></datafield><datafield ind1=" " ind2=" " tag="500"><subfield code="a">Published on Saturday.</subfield></datafield><datafield ind1=" " ind2=" " tag="500"><subfield code="a">Published in Augusta and Portland, Me. simultaneously.</subfield></datafield><datafield ind1=" " ind2=" " tag="500"><subfield code="a">"We will rejoice in the salvation and in the name of our God we will set up our banner."</subfield></datafield><datafield ind1=" " ind2=" " tag="580"><subfield code="a">Formed by the union of: Gospel banner and Universalists' family monitor, and: Christian pilot.</subfield></datafield><datafield ind1=" " ind2="0" tag="651"><subfield code="a">Augusta (Me.)</subfield><subfield code="v">Newspapers.</subfield></datafield><datafield ind1=" " ind2="0" tag="651"><subfield code="a">Portland (Me.)</subfield><subfield code="v">Newspapers.</subfield></datafield><datafield ind1=" " ind2="7" tag="655"><subfield code="a">Newspapers.</subfield><subfield code="2">fast</subfield><subfield code="0">(OCoLC)fst01423814</subfield></datafield><datafield ind1=" " ind2="7" tag="651"><subfield code="a">Maine</subfield><subfield code="z">Augusta.</subfield><subfield code="2">fast</subfield><subfield code="0">(OCoLC)fst01209573</subfield></datafield><datafield ind1=" " ind2="7" tag="651"><subfield code="a">Maine</subfield><subfield code="z">Portland.</subfield><subfield code="2">fast</subfield><subfield code="0">(OCoLC)fst01213254</subfield></datafield><datafield ind1=" " ind2=" " tag="752"><subfield code="a">United States</subfield><subfield code="b">Maine</subfield><subfield code="c">Kennebec</subfield><subfield code="d">Augusta.</subfield></datafield><datafield ind1=" " ind2=" " tag="752"><subfield code="a">United States</subfield><subfield code="b">Maine</subfield><subfield code="c">Cumberland</subfield><subfield code="d">Portland.</subfield></datafield><datafield ind1="1" ind2="4" tag="780"><subfield code="t">Gospel banner and Universalists' family monitor</subfield><subfield code="w">(DLC)sn 95067953</subfield></datafield><datafield ind1="1" ind2="4" tag="780"><subfield code="t">Christian pilot</subfield><subfield code="w">(OCoLC)7726011</subfield></datafield><datafield ind1="0" ind2="0" tag="785"><subfield code="t">Gospel banner (Augusta, Me.)</subfield><subfield code="w">(DLC)sn 85054021</subfield></datafield></record>